<record><leader>00000cas a2200000 a 4500</leader><controlfield tag="001">23136782</controlfield><controlfield tag="008">910222d19111970pr dn ne      0    0spa c</controlfield><datafield ind1=" " ind2=" " tag="010"><subfield code="a">sn 91099701 </subfield></datafield><datafield ind1=" " ind2=" " tag="040"><subfield code="a">PNN</subfield><subfield code="b">eng</subfield><subfield code="c">PNN</subfield><subfield code="d">NYS</subfield><subfield code="d">DLC</subfield><subfield code="d">OCLCQ</subfield><subfield code="d">OCLCF</subfield><subfield code="d">DLC</subfield><subfield code="d">OCLCA</subfield></datafield><datafield ind1=" " ind2=" " tag="042"><subfield code="a">pcc</subfield></datafield><datafield ind1=" " ind2=" " tag="043"><subfield code="a">nwpr---</subfield></datafield><datafield ind1="0" ind2="0" tag="050"><subfield code="a">Newspaper</subfield></datafield><datafield ind1="0" ind2=" " tag="130"><subfield code="a">Di&#769;a (Ponce, P.R.)</subfield></datafield><datafield ind1="1" ind2="3" tag="245"><subfield code="a">El Di&#769;a.</subfield></datafield><datafield ind1=" " ind2=" " tag="260"><subfield code="a">Ponce, P.R. :</subfield><subfield code="b">[s.n.]</subfield></datafield><datafield ind1=" " ind2=" " tag="300"><subfield code="a">v.</subfield></datafield><datafield ind1=" " ind2=" " tag="310"><subfield code="a">Daily (except Sun.)</subfield></datafield><datafield ind1="1" ind2=" " tag="362"><subfield code="a">Began May 2, 1911; ceased May 4, 1970.</subfield></datafield><datafield ind1=" " ind2=" " tag="500"><subfield code="a">&quot;Diario poli&#769;tico y de intereses generales.&quot;</subfield></datafield><datafield ind1=" " ind2=" " tag="500"><subfield code="a">&quot;Decano de la prensa puertorriquen&#771;a.&quot;</subfield></datafield><datafield ind1=" " ind2=" " tag="500"><subfield code="a">Moved to San Juan, P.R. in May, 1970.</subfield></datafield><datafield ind1=" " ind2=" " tag="588"><subfield code="a">Description based on: Mar. 14, 1918 issue.</subfield></datafield><datafield ind1=" " ind2="0" tag="651"><subfield code="a">Puerto Rico</subfield><subfield code="v">Newspapers.</subfield></datafield><datafield ind1=" " ind2="0" tag="651"><subfield code="a">Ponce (P.R.)</subfield><subfield code="v">Newspapers.</subfield></datafield><datafield ind1=" " ind2="7" tag="651"><subfield code="a">Puerto Rico.</subfield><subfield code="2">fast</subfield><subfield code="0">(OCoLC)fst01205432</subfield></datafield><datafield ind1=" " ind2="7" tag="651"><subfield code="a">Puerto Rico</subfield><subfield code="z">Ponce.</subfield><subfield code="2">fast</subfield><subfield code="0">(OCoLC)fst01206019</subfield></datafield><datafield ind1=" " ind2="7" tag="655"><subfield code="a">Newspapers.</subfield><subfield code="2">fast</subfield><subfield code="0">(OCoLC)fst01423814</subfield></datafield><datafield ind1=" " ind2=" " tag="752"><subfield code="a">United States</subfield><subfield code="b">Puerto Rico</subfield><subfield code="d">Ponce.</subfield></datafield><datafield ind1="0" ind2="0" tag="780"><subfield code="t">Diario de Puerto Rico</subfield><subfield code="w">(DLC)sn 90070179</subfield><subfield code="w">(OCoLC)21979738</subfield></datafield><datafield ind1="0" ind2="0" tag="785"><subfield code="t">Nuevo Di&#769;a</subfield><subfield code="w">(DLC)sn 89007467</subfield><subfield code="w">(OCoLC)17784963</subfield></datafield><datafield ind1="1" ind2=" " tag="029"><subfield code="a">AU@</subfield><subfield code="b">000025122413</subfield></datafield></record>